<?xml version="1.0" encoding="UTF-8"?><record xmlns="http://www.loc.gov/MARC21/slim" xmlns:cinclude="http://apache.org/cocoon/include/1.0" xmlns:zs="http://www.loc.gov/zing/srw/">
  <leader>00349nz  a2200133n  4500</leader>
  <controlfield tag="001">no2010169682</controlfield>
  <controlfield tag="003">DLC</controlfield>
  <controlfield tag="005">20101021075419.0</controlfield>
  <controlfield tag="008">101019n| acannaabn          |n aaa     c</controlfield>
  <datafield tag="010" ind1=" " ind2=" ">
    <subfield code="a">no2010169682</subfield>
  </datafield>
  <datafield tag="035" ind1=" " ind2=" ">
    <subfield code="a">(OCoLC)oca08660830</subfield>
  </datafield>
  <datafield tag="040" ind1=" " ind2=" ">
    <subfield code="a">Sd</subfield>
    <subfield code="b">eng</subfield>
    <subfield code="c">Sd</subfield>
  </datafield>
  <datafield tag="100" ind1="1" ind2=" ">
    <subfield code="a">Omanson, Oliver</subfield>
  </datafield>
  <datafield tag="670" ind1=" " ind2=" ">
    <subfield code="a">Prisoner of war number 21860, c2009:</subfield>
    <subfield code="b">t.p. (Oliver Omanson)</subfield>
  </datafield>
</record>